@article{petronio1997wh,
  title={WH-movement and the position of Spec-CP: Evidence from American Sign Language},
  author={Petronio, Karen and Lillo-Martin, Diane},
  journal={Language},
  pages={18--57},
  year={1997},
  publisher={JSTOR}
}

@article{barr2013random,
  title={Random effects structure for confirmatory hypothesis testing: Keep it maximal},
  author={Barr, Dale J and Levy, Roger and Scheepers, Christoph and Tily, Harry J},
  journal={Journal of memory and language},
  volume={68},
  number={3},
  pages={255--278},
  year={2013},
  publisher={Elsevier}
}

@article{vandekerckhove2007fitting,
  title={Fitting the Ratcliff diffusion model to experimental data},
  author={Vandekerckhove, Joachim and Tuerlinckx, Francis},
  journal={Psychonomic bulletin \& review},
  volume={14},
  number={6},
  pages={1011--1026},
  year={2007},
  publisher={Springer}
}

@article{ratcliff2008diffusion,
  title={The diffusion decision model: theory and data for two-choice decision tasks},
  author={Ratcliff, Roger and McKoon, Gail},
  journal={Neural computation},
  volume={20},
  number={4},
  pages={873--922},
  year={2008},
  publisher={MIT Press}
}

@misc{bates2013lme4,
  title={lme4: Linear mixed-effects models using Eigen and S4. R package version 1.0-5},
  author={Bates, Douglas and Maechler, Martin and Bolker, Ben and Walker, Steven},
  year={2013}
}

@article{tanenhaus1995integration,
  title={Integration of visual and linguistic information in spoken language comprehension},
  author={Tanenhaus, Michael K and Spivey-Knowlton, Michael J and Eberhard, Kathleen M and Sedivy, Julie C},
  journal={Science},
  volume={268},
  number={5217},
  pages={1632},
  year={1995},
  publisher={The American Association for the Advancement of Science}
}

@article{allopenna1998tracking,
  title={Tracking the time course of spoken word recognition using eye movements: Evidence for continuous mapping models},
  author={Allopenna, Paul D and Magnuson, James S and Tanenhaus, Michael K},
  journal={Journal of memory and language},
  volume={38},
  number={4},
  pages={419--439},
  year={1998},
  publisher={Elsevier}
}

@article{salverda2011attentional,
  title={Attentional capture of objects referred to by spoken language.},
  author={Salverda, Anne Pier and Altmann, Gerry},
  journal={Journal of Experimental Psychology: Human Perception and Performance},
  volume={37},
  number={4},
  pages={1122},
  year={2011},
  publisher={American Psychological Association}
}

@article{altmann2007real,
  title={The real-time mediation of visual attention by language and world knowledge: Linking anticipatory (and other) eye movements to linguistic processing},
  author={Altmann, Gerry and Kamide, Yuki},
  journal={Journal of Memory and Language},
  volume={57},
  number={4},
  pages={502--518},
  year={2007},
  publisher={Elsevier}
}

@article{huettig2011mechanisms,
  title={Mechanisms and representations of language-mediated visual attention.},
  author={Huettig, F and Mishra, RK and Olivers, CN},
  journal={Frontiers in psychology},
  volume={2},
  number={2},
  pages={394},
  year={2011}
}

@article{salverda2011goal,
  title={A goal-based perspective on eye movements in visual world studies},
  author={Salverda, Anne Pier and Brown, Meredith and Tanenhaus, Michael K},
  journal={Acta psychologica},
  volume={137},
  number={2},
  pages={172--180},
  year={2011},
  publisher={Elsevier}
}

@article{ballard2009modelling,
  title={Modelling the role of task in the control of gaze},
  author={Ballard, Dana and Hayhoe, Mary},
  journal={Visual cognition},
  volume={17},
  number={6-7},
  pages={1185--1204},
  year={2009},
  publisher={Taylor \& Francis}
}

@article{shadlen2013decision,
  title={Decision making as a window on cognition},
  author={Shadlen, Michael N and Kiani, Roozbeh},
  journal={Neuron},
  volume={80},
  number={3},
  pages={791--806},
  year={2013},
  publisher={Elsevier}
}

@article{hayhoe2005eye,
  title={Eye movements in natural behavior},
  author={Hayhoe, Mary and Ballard, Dana},
  journal={Trends in cognitive sciences},
  volume={9},
  number={4},
  pages={188--194},
  year={2005},
  publisher={Elsevier}
}

@article{wiecki2013hddm,
  title={HDDM: hierarchical bayesian estimation of the drift-diffusion model in python},
  author={Wiecki, Thomas V and Sofer, Imri and Frank, Michael J},
  journal={Frontiers in neuroinformatics},
  volume={7},
  pages={14},
  year={2013},
  publisher={Frontiers}
}

@article{ratcliff2015individual,
  title={Individual differences and fitting methods for the two-choice diffusion model of decision making},
  author={Ratcliff, Roger and Childers, Russ},
  journal={Decision},
  volume={2},
  number={4},
  pages={237--279},
  year={2015},
  publisher={Educational Publishing Foundation}
}

@article{macdonald2017realtime,
  title={Real-time lexical comprehension in young children learning American Sign Language},
  author={MacDonald, Kyle and LaMarr, Todd and and Corina, David and Marchman, Virgnia and Fernald, Anne},
  journal={},
  volume={},
  number={},
  pages={},
  year={under review},
  publisher={}
}

@inproceedings{macdonald2017info,
  title={An information-seeking account of eye movements during spoken and signed language comprehension},
  author={MacDonald, Kyle and Blonder, Aviva and and Marchman, Virgnia and Fernald, Anne and Frank, Michael C},
  booktitle={Proceedings of the 39th Annual Conference of the Cognitive Science Society},
  year={2017}
}